<?xml version="1.0" encoding="UTF-8"?><collection xmlns="http://www.loc.gov/MARC21/slim"><record><leader>00362nam--2200133-i-4500</leader><controlfield tag="001">000037987</controlfield><controlfield tag="002">20161230</controlfield><controlfield tag="005">20161230201041</controlfield><controlfield tag="008">060222s1000------------r-----000-0-eng-d</controlfield><datafield ind1=" " ind2=" " tag="080"><subfield code="a">539.1.08:621.039.85</subfield></datafield><datafield ind1=" " ind2=" " tag="100"><subfield code="a">Raiski,S.M. And Smirnov,V.F</subfield></datafield><datafield ind1=" " ind2=" " tag="245"><subfield code="a">Bazele fizice ale metodei indicatorilor radioactivi</subfield></datafield><datafield ind1=" " ind2=" " tag="260"><subfield code="a">Bucuresti, Isrs.,1957. 354 P</subfield></datafield><datafield ind1=" " ind2=" " tag="852"><subfield code="a">149</subfield></datafield></record></collection>